@phdthesis{phdthesis,
    Author = {Solar Lezama, Armando},
    Title = {Program Synthesis By Sketching},
    School = {EECS Department, University of California, Berkeley},
    Year = {2008},
    Month = {Dec},
    URL = {http://www2.eecs.berkeley.edu/Pubs/TechRpts/2008/EECS-2008-177.html},
    Number = {UCB/EECS-2008-177},
    
}

@unknown{sygus,
author = {Alur, Rajeev and Bodik, Rastislav and Juniwal, Garvit and M. K. Martin, Milo and Raghothaman, Mukund and A. Seshia, Sanjit and Singh, Rishabh and Solar-Lezama, Armando and Torlak, Emina and Udupa, Abhishek},
year = {2013},
month = {10},
pages = {1-17},
title = {Syntax-guided synthesis},
booktitle = {2013 Formal Methods in Computer-Aided Design, FMCAD 2013}
}